<?xml version="1.0" encoding="UTF-8"?><collection xmlns="http://www.loc.gov/MARC21/slim"><record><leader>00458nam--2200181-i-4500</leader><controlfield tag="001">000015122</controlfield><controlfield tag="002">20161230</controlfield><controlfield tag="005">20161230201031</controlfield><controlfield tag="008">060222s1000------------r-----000-0-rum-d</controlfield><datafield ind1=" " ind2=" " tag="040"><subfield code="a">IFIN-HH</subfield></datafield><datafield ind1=" " ind2=" " tag="041"><subfield code="a">rum</subfield></datafield><datafield ind1=" " ind2=" " tag="080"><subfield code="a">533.6.071.8</subfield></datafield><datafield ind1="1" ind2=" " tag="100"><subfield code="a">Dumitrescu, Lucian Z</subfield></datafield><datafield ind1="1" ind2="0" tag="245"><subfield code="a">Cercetari in tuburile de soc</subfield><subfield code="c">Lucian z. dumitrescu</subfield></datafield><datafield ind1=" " ind2=" " tag="260"><subfield code="a">Bucuresti, Ed.Acad.Rsr, 1969</subfield></datafield><datafield ind1=" " ind2=" " tag="300"><subfield code="a">306P</subfield></datafield><datafield ind1=" " ind2=" " tag="852"><subfield code="a">77242</subfield><subfield code="c">533.6</subfield></datafield><datafield ind1=" " ind2=" " tag="CAT"><subfield code="a">Sys</subfield><subfield code="c">20100914</subfield><subfield code="h">123722</subfield></datafield></record></collection>